@online{ita,
author = {Thomas H. Cormen},
title  = {Introduction to Algorithms: Third Edition},
year   = {2009},
url    = {https://edutechlearners.com/download/Introduction_to_algorithms-3rd Edition.pdf}
}
@online{history,
author = {Peter van Emde Boas},
title  = {History of the van Emde Boas Trees},
date   = {2015-03-18},
url    = {https://toc.csail.mit.edu/node/757}
}
@online{cs166slides,
author = {},
title  = {van Emde Boas Trees},
date   = {2016-05-17},
url    = {https://web.stanford.edu/class/archive/cs/cs166/cs166.1166/lectures/14/Slides14.pdf}
}
@online{habr,
author = {Артур Хашаев "Invizory"},
title  = {Дерево ван Эмде Боаса},
date   = {2011-08-03},
url    = {https://habr.com/ru/post/125499/}
}
@online{wikipedia,
author = {},
title  = {Van Emde Boas tree},
date   = {},
url    = {https://en.wikipedia.org/wiki/Van_Emde_Boas_tree}
}
@online{ehrhardt,
author = {Marcel Ehrhardt},
title  = {An In-Depth Analysis of Data Structures Derived from van-Emde-Boas-Trees},
date   = {2015-10-12},
url    = {https://www.mi.fu-berlin.de/inf/groups/ag-ti/theses/download/Ehrhardt15.pdf}
}
@online{mospace,
author = {},
title  = {Determining the space complexity of van Emde Boas trees},
date   = {},
url    = {https://mathoverflow.net/questions/2245/determining-the-space-complexity-of-van-emde-boas-trees}
}
@online{rolf_karlsson,
author = {Rolf Karlsson},
title  = {van Emde Boas trees},
date   = {},
url    = {https://fileadmin.cs.lth.se/cs/Personal/Rolf_Karlsson/lect12.pdf}
}
@online{leprofesseur,
author = {Harish Rajput},
title  = {van Emde Boas [ vEB ] Trees},
date   = {2015-12-11},
url    = {https://leprofesseur.org/algorithms-lecture-019-van-emde-boas-veb-trees/}
}
@online{ifmo,
author = {},
title  = {Дерево ван Эмде Боаса},
date   = {},
url    = {https://neerc.ifmo.ru/wiki/index.php?title=%D0%94%D0%B5%D1%80%D0%B5%D0%B2%D0%BE_%D0%B2%D0%B0%D0%BD_%D0%AD%D0%BC%D0%B4%D0%B5_%D0%91%D0%BE%D0%B0%D1%81%D0%B0}
}